@Comment Основни книги 

@book{sipser1,
author = {Michael Sipser},
title = {Introduction to the {T}heory of {C}omputation},
year = {1997},
edition = {1},
publisher = {PWS Publishing Company}}

@book{sipser3,
author = {Michael Sipser},
title = {Introduction to the {T}heory of {C}omputation},
year = {2012},
edition = {3},
publisher = {Cengage Learning}}

@book{papadimitriou,
author = {Christos Papadimitriou and Harry Lewis},
title = {Elements of the {T}heory of {C}omputation},
year = {1998},
publisher = {Prentice-Hall}}

@book{kozen,
author = {Dexter Kozen},
title = {Automata and Computability},
year = {1997},
publisher = {Springer}}

@book{hopcroft1,
author = {John E. Hopcroft and Jeffrey D. Ullman},
title = {Introduction to {A}utomata {T}heory, {L}anguages, and {C}omputation},
publisher = {Addison-Wesley},
edition = {first},
year = {1979}}


@Comment Помощни книги

@book{sakarovitch-book,
author = {Jacques Sakarovitch},
title = {{Elements of Automata Theory}},
publisher = {{Cambridge University Press}},
year = {2009}
}

@book{nerode-shore,
author = {Anil Nerode and Richard Shore},
title = {Logic for {A}pplications},
year = {1993},
publisher = {Springer-Verlag}}

@book{khoussainov-nerode,
author = {Bakhadyr Khoussainov and Anil Nerode},
title = {{Automata Theory and its Applications}},
publisher = {Springer},
year = {2001}}

@book{boolos-jeffrey2,
author = {George S. Boolos and Richard C. Jeffrey},
title = {Computability and {L}ogic},
year = {1980},
publisher = {Cambridge University Press},
edition = {second}}

@book{lavrov-maksimova,
author = {И.А. Лавров and Л.Л. Максимова},
title = {Задачи по теории множеств, математической логике и теории алгоритмов},
year = {2004},
publisher = {Физматлит}}

@book{gavrilov,
author = {Г.П. Гаврилов and А.А. Сапоженко},
title = {Задачи и упражнения по дискретной математике},
year = {2005},
publisher = {Физматлит}}

@book{hopcroft,
author = {John E. Hopcroft and Jeffrey D. Ullman},
title = {Formal {L}anguages and {T}heir {R}elation to {A}utomata},
publisher = {Addison-Wesley},
year = {1969}}


@book{hopcroft2,
author = {John E. Hopcroft and Rajeev Motwani and Jeffrey D. Ullman},
title = {Introduction to {A}utomata {T}heory, {L}anguages, and {C}omputation},
publisher = {Addison-Wesley},
edition = {second},
year = {2001}}

@book{hein,
author = {James L. Hein},
title = {Discrete Mathematics},
publisher = {Jones and Bartlett},
edition = {second},
year = {2003}}

@book{makinson,
author = {David Makinson},
title = {Sets, Logic and Maths for Computing},
publisher = {Springer-Verlag},
year = {2008}}

@book{rosen,
author = {Kenneth H. Rosen},
title = {{Discrete Mathematics and Its applications}},
publisher = {McGraw Hill},
edition = {seventh},
year = {2012}}

@book{manev,
author = {Красимир Манев},
title = {Увод в дискретната математика},
publisher = {КЛМН},
edition = {четвърто},
year = {2005}}

@book{shallit,
author = {Jeffrey Shallit},
title = {{A Second Course in Formal Languages and Automata Theory}},
publisher = {CUP},
year = {2008}}

@Comment Статии

@article{rabin-scott,
author = {M. O. Rabin and D. Scott},
title = {Finite automata and their decision problems},
journal = {IBM Journal of Research and Development},
volume = {3},
pages = {pp. 114 -- 125},
year = {1959},
url = {http://www.research.ibm.com/journal/rd/032/ibmrd0302C.pdf}}

@article{min-hopcroft,
author = {John Hopcroft},
title = {An n log n algorithm for minimizing states in a finite automaton},
journal = {Theory of machines and computations},
year = {1971},
pages = {189 -- 196}}

@inproceedings{kleene-regular,
author = {S. C. Kleene},
title = {Representation of events in nerve nets and finite automata},
editor = {C. E. Shannon and J. McCarthy},
publisher = {Princeton University Press},
booktitle = {Automata Studies},
year = {1956},
pages = {3 -- 42}}

@article{nerode-min,
author = {A. Nerode},
title = {Linear  automata  transformation},
journal = {Proceedings of AMS},
volume = {9},
year = {1958},
pages = {541 -- 544}}

@article{myhill-min,
author = {J. Myhill},
title = {Finite automata and the representation of events},
journal = {WADD TR-57-624, Wright Patterson AFB, Ohio},
year = 1957,
pages = {112 -- 137}}

@article{brzozowski-derivatives,
 author = {Brzozowski, Janusz A.},
 title = {Derivatives of Regular Expressions},
 journal = {J. ACM},
 issue_date = {Oct. 1964},
 volume = {11},
 number = {4},
 month = oct,
 year = {1964},
 issn = {0004-5411},
 pages = {481--494},
 numpages = {14},
 url = {http://doi.acm.org/10.1145/321239.321249},
 doi = {10.1145/321239.321249},
 acmid = {321249},
 publisher = {ACM},
 address = {New York, NY, USA},
}


@article{tibor-rado,
author = {Tibor Rad\'o},
title = {On Non-Computable Functions},
journal = {Bell System Technical Journal},
year = {1962},
volume = {41},
number = {3},
pages = {877 -- 884}}

@book{cutland,
title={Computability. An Introduction to Recursive Function Theory},
author = {Nigel Cutland},
year = {1980},
publisher = {Cambridge University Press}}

@book{ditchev-soskov,
author = {Ангел Дичев and Иван Сосков},
title = {{Теория на програмите}},
year = 1996,
publisher = {Софийски Университет}}

@book{nikolova-soskova,
author = {Стела Николова and Александра Соскова},
title = {{Теория на програмите в задачи}},
year = {2003},
edition = {трето},
publisher = {СофТеХ}}

@article{YOUNGER1967189,
title = "Recognition and parsing of context-free languages in time n3",
journal = "Information and Control",
volume = "10",
number = "2",
pages = "189 - 208",
year = "1967",
issn = "0019-9958",
doi = "https://doi.org/10.1016/S0019-9958(67)80007-X",
url = "http://www.sciencedirect.com/science/article/pii/S001999586780007X",
author = "Daniel H. Younger"
}

@article{pcp,
title = {A variant of a recursively unsolvable problem},
author = {Emil L. Post},
journal = {Bull. Amer. Math. Soc.},
volume = {52},
year = {1946},
pages = {264-268},
doi = {https://doi.org/10.1090/S0002-9904-1946-08555-9}}

@InCollection{sep-church-turing,
	author       =	{Copeland, B. Jack},
	title        =	{The Church-Turing Thesis},
	booktitle    =	{The Stanford Encyclopedia of Philosophy},
	editor       =	{Edward N. Zalta},
	howpublished =	{\url{https://plato.stanford.edu/archives/win2017/entries/church-turing/}},
	year         =	{2017},
	edition      =	{Winter 2017},
	publisher    =	{Metaphysics Research Lab, Stanford University}
}


@article{rice,
title = {Classes of recursively enumerable sets and their decision problems},
author = {H. G. Rice},
journal = {Transactions of the American Mathematical Society},
volume = {74},
number = {2},
pages = {358-366},
year = {1953}}


@book{rpp1,
title = {Remarks on the philosophy of psychology},
author = {L. Wittgenstein and G.H.V. Wright and G.E.M. Anscombe},
year = {1980},
volume = {1},
publisher = {University of Chicago Press/B. Blackwell}}

@book{compilers2,
title = {Compilers: principles, techniques and tools},
author = {Alfred Aho and Monica Lam and Ravi Sethi and Jeffrey Ullman},
edition = {2},
year = {2007},
publisher = {Pearson Education}}

@book{how-to-prove-it,
title = {How to Prove It. A structured approach},
author = {Daniel J. Velleman},
year = {2006},
edition = {2},
publisher = {Cambridge University Press}}


@Comment https://plato.stanford.edu/entries/church-turing/


@Comment Copeland, B. Jack, "The Church-Turing Thesis", The Stanford Encyclopedia of Philosophy (Spring 2019 Edition), Edward N. Zalta (ed.), URL = <https://plato.stanford.edu/archives/spr2019/entries/church-turing/>.


@online{church-turing-entry,
  author = {Jack B. Copeland},
  title = {The {C}hurch-{T}uring {T}hesis},
  year = 2019,
  url = {https://plato.stanford.edu/archives/spr2019/entries/church-turing/},
  urldate = {2019}
}